Month,Revenue
2023-01,12000
2023-02,13500
2023-03,15000
2023-04,16200
2023-05,18000
2023-06,22000
2023-07,24000
2023-08,26000
2023-09,23000
2023-10,21000
2023-11,19000
2023-12,25000
2024-01,13000
2024-02,14500
2024-03,16000
2024-04,17200
2024-05,19500
2024-06,23000
2024-07,25000
2024-08,27000
2024-09,24500
2024-10,22000
2024-11,20000
2024-12,26000
